% This file was created with JabRef 2.7.2.
% Encoding: UTF8

@BOOK{mcruer1997aviation,
  title={Aviation Safety and Pilot Control: Understanding and Preventing Unfavorable Pilot-Vehicle Interactions},
  author={McRuer, Duane T},
  year={1997}
}

@REPORT{McRuerPIO,
  author = {McRuer,D.},
  title = {Pilot-Induced Oscillations and Human Dynamic Behavior},
  institution = {NASA},
  year = {1995},
  number = {4683},
}

@REPORT{SAABPIO,
  author = {AB, SAAB-SCANIA},
  title= {SAAB Experience with PIO},
  institution = {AGARD},
  year = {1995},
  number = {335},
}

@REPORT{MLSTD,
  author = {Military Standard},
  title = {Flying Qualities of Piloted Aircraft},
  institution= {Department of Defense},
  year = {1990},
  number = {MIL-STD-1797A},
}

@REPORT{Norton,
  author = {Norton,William J.},
  title = {Aeroelastic Pilot-In-The-Loop Oscillations},
  institution = {AGARD},
  year = {1994},
  number = {PIO Workshop following Active Control Technology: Applications and Lessons Learned,(Turin, Italy)},
}

@ARTICLE{OBrieger,
  author = {Brieger O. et al.},
  title = {Flight Testing of a Rate Saturation Compensation Scheme on the ATTAS Aircraft},
  journaltitle = {ScienceDirect: Aerospace Science and Technology},
  date = {2009},
  volume = {Vol. 13},
}


@ARTICLE{birthofflightcontrol,
  author={G.D. Padfield,B.Lawrence},
  title={The Birth of Flight Control:An Engineering Analysis of the Wright Brothers' 1902 Glider},
  journaltitle={The Aeronautical Journal, Department of Engineering, The University of Liverpool},
  date={2008-01},
  volume={Vol. 107},
  number={No. 1078},
}

@ARTICLE{YF22,
 author = {MA Dornheim},
 title= {Report pinpoints factors leading to YF-22 crash},
 journaltitle={Aviation Week and Space Technology},
 date = {1992},
 volume = {Vol. 137},
 number = {No. 19},
}

@ARTICLE{BoeingPIO,
  author = {MA Dornheim},
  title= {Boeing Corrects Several 777 PIOs},
  journaltitle={Aviation Week and Space Technology},
  date = {1995},
  volume = {Vol. 142},
  number={No. 19},
}

@article{hoh1982bandwidth,
  title={Bandwidth: A criterion for highly augmented airplanes},
  author={Hoh, Roger H and Mitchell, David G and Hodgkinson, John},
  journal={AGARD Criteria for Handling Qualities of Mil. Aircraft 11 p(SEE N 83-10054 01-08)},
  year={1982}
}

@article{hess1991technique,
  title={Technique for predicting longitudinal pilot-induced oscillations},
  author={Hess, RA and Kalteis, RM},
  journal={Journal of Guidance, Control, and Dynamics},
  volume={14},
  number={1},
  pages={198--204},
  year={1991}
}

@article{moorhouse2000flight,
  title={Flight control design--best practices},
  author={Moorhouse, DJ and others},
  journal={NATO Research and Technology-Organization, RTO-TR},
  volume={29},
  year={2000}
}

@article{mitchell2004recommended,
  title={Recommended practices for exposing pilot-induced oscillations or tendencies in the development process},
  author={Mitchell, David G and Klyde, David H},
  journal={USAF developmental test and evaluation summit},
  volume={6810},
  year={2004},
  publisher={AIAA Reston, VA}
}

@article{klyde2004investigating,
  title={Investigating the role of rate limiting in pilot-induced oscillations},
  author={Klyde, David H and Mitchell, David G},
  journal={Journal of guidance, control, and dynamics},
  volume={27},
  number={5},
  pages={804--813},
  year={2004}
}

@article{duda1997prediction,
  title={Prediction of pilot-in-the-loop oscillations due to rate saturation},
  author={Duda, Holger},
  journal={Journal of guidance, control, and dynamics},
  volume={20},
  number={3},
  pages={581--587},
  year={1997}
}





@inproceedings{green1986design,
  title={Design and development of a three-axis augmentation system for a Class III STOL assault transport},
  author={Green, FB and Hoffmann, SK},
  booktitle={AIAA, AHS, and ASEE, Aircraft Systems, Design and Technology Meeting, Dayton, OH},
  pages={1986},
  year={1986}
}

@inproceedings{smith1995observations,
  title={Observations on PIO},
  author={Smith, Ralph H},
  booktitle={Flight Vehicle Integration Panel Workshop on Pilot-Induced Oscillations, AGARD-AR-335},
  year={1995},
  organization={DTIC Document}
}

@inproceedings{mitchell1998critical,
  title={A critical examination of PIO prediction criteria},
  author={Mitchell, David G and Klyde, David H},
  booktitle={AIAA Atmospheric Flight Mechanics Conference and Exhibit},
  pages={10--12},
  year={1998}
}

@inproceedings{liu2010prediction,
  title={The prediction of PIO susceptibility of a large transport aircraft},
  author={Liu, Ji Quan and Gao, ZHeng Hong},
  booktitle={Signal Processing Systems (ICSPS), 2010 2nd International Conference on},
  volume={3},
  pages={V3--472},
  year={2010},
  organization={IEEE}
}

@inproceedings{amato2000analysis,
  title={Analysis of pilot-in-the-loop oscillations due to position and rate saturations},
  author={Amato, F and Iervolino, R and Pandit, M and Scala, S and Verde, L},
  booktitle={Decision and Control, 2000. Proceedings of the 39th IEEE Conference on},
  volume={4},
  pages={3564--3569},
  year={2000},
  organization={IEEE}
}

@inproceedings{hanke1995handling,
  title={Handling qualities analysis on rate limiting elements in flight control systems},
  author={Hanke, Dietrich},
  booktitle={Advisory Group for Aerospace Research and Development, Flight Vehicle Integration Panel Workshop on Pilot Induced Oscillations 18 p(SEE N 95-31061 11-03)},
  year={1995}
}




@techreport{garteur1999evaluation,
  title={Evaluation of Prominent PIO Susceptibility Criteria},
  author={GARTEUR, FM},
  year={1999},
  institution={Technical Report TP-120-01}
}

@techreport{neal1970flight,
  title={An In-Flight Investigation to Develop Control System Design Criteria for Fighter Airplanes. Volume 2. Appendices 1 through 5},
  author={Neal, T Peter and Smith, Rogers E},
  year={1970},
  institution={DTIC Document}
}

@techreport{smith1978effects,
  title={Effects of Control System Dynamics on Fighter Approach and Landing Longitudinal Flying Qualities.(Volume I).},
  author={Smith, Rogers E},
  year={1978},
  institution={DTIC Document}
}

@techreport{smith1979handling,
  title={Handling Quality Requirements for Advanced Aircraft Design: Longitudinal Mode},
  author={Smith, Ralph H and Geddes, Norman D},
  year={1979},
  institution={DTIC Document}
}